<?xml version="1.0" encoding="UTF-8"?><collection xmlns="http://www.loc.gov/MARC21/slim"><record><leader>00340nam--2200121-i-4500</leader><controlfield tag="001">000027088</controlfield><controlfield tag="002">20161230</controlfield><controlfield tag="005">20161230201036</controlfield><controlfield tag="008">060222s1000------------r-----000-0-eng-d</controlfield><datafield ind1=" " ind2=" " tag="080"><subfield code="a">54(085.2)</subfield></datafield><datafield ind1=" " ind2=" " tag="245"><subfield code="a">Koch-light laboratories ltd. k.l.3</subfield></datafield><datafield ind1=" " ind2=" " tag="260"><subfield code="a">Calnbrook Buckinghamshire, Koch-light Laboratories Ltd., 1970, Xvii + 423p</subfield></datafield><datafield ind1=" " ind2=" " tag="852"><subfield code="a">D.2019</subfield></datafield></record></collection>